@book{SFMLGameDevelopment,
    author = {Jan Haller, Henrik Vogelius Hansson, Artur Moreira},
    year = {2013},
    title = {SFML Game Development},
    publisher = {Packt}
}

@book{SFMLEssentials,
    author = {Milcho G. Milchev},
    year = {2013},
    title = {SFML Essentials},
    publisher = {Packt}
}

@book{SFMLBlueprints,
    author = {Maxime Barbier},
    year = {2015},
    title = {SFML Blueprints},
    publisher = {Packt}
}

@book{SFMLGameDevelopmentByExample,
    author = {Raimondas Pupius},
    year = {2015},
    title = {SFML Game Development By Example},
    publisher = {Packt}
}

@book{MasteringSFMLGameDevelopment,
    author = {Raimondas Pupius},
    year = {2017},
    title = {Mastering SFML Game Development},
    publisher = {Packt}
}
